@inproceedings {darkside,
  author = {Vishakha Gupta-Cledat, Luis Remis, Christina R Strong},
  title = {Addressing the Dark Side of Vision Research: Storage},
  url = {\url{https://www.usenix.org/conference/hotstorage17/program/presentation/gupta-cledat}},
}

@inproceedings{tao,
  title={Tao: how facebook serves the social graph},
  author={Venkataramani, Venkateshwaran and Amsden, Zach and Bronson, Nathan and Cabrera III, George and Chakka, Prasad and Dimov, Peter and Ding, Hui and Ferris, Jack and Giardullo, Anthony and Hoon, Jeremy and others},
  booktitle={Proceedings of the 2012 ACM SIGMOD International Conference on Management of Data},
  pages={791--792},
  year={2012}
}

@inproceedings{muralidhar2014f4,
  title={f4: Facebook's Warm $\{$BLOB$\}$ Storage System},
  author={Muralidhar, Subramanian and Lloyd, Wyatt and Roy, Sabyasachi and Hill, Cory and Lin, Ernest and Liu, Weiwen and Pan, Satadru and Shankar, Shiva and Sivakumar, Viswanath and Tang, Linpeng and others},
  booktitle={11th $\{$USENIX$\}$ Symposium on Operating Systems Design and Implementation ($\{$OSDI$\}$ 14)},
  pages={383--398},
  year={2014}
}

@inproceedings{fan2015case,
  title={The Case Against Specialized Graph Analytics Engines.},
  author={Fan, Jing and Raj, Adalbert Gerald Soosai and Patel, Jignesh M},
  booktitle={CIDR},
  year={2015}
}

@inproceedings{huston2004diamond,
  title={Diamond: A Storage Architecture for Early Discard in Interactive Search.},
  author={Huston, Larry and Sukthankar, Rahul and Wickremesinghe, Rajiv and Satyanarayanan, Mahadev and Ganger, Gregory R and Riedel, Erik and Ailamaki, Anastassia},
  booktitle={FAST},
  volume={4},
  pages={73--86},
  year={2004}
}

@article{satyanarayanan2010unique,
  title={The unique strengths and storage access characteristics of discard-based search},
  author={Satyanarayanan, Mahadev and Sukthankar, Rahul and Mummert, Lily and Goode, Adam and Harkes, Jan and Schlosser, Steve},
  journal={Journal of Internet Services and Applications},
  volume={1},
  number={1},
  pages={31--44},
  year={2010},
  publisher={Springer}
}

@inproceedings{brown2010overview,
  title={Overview of SciDB: large scale array storage, processing and analysis},
  author={Brown, Paul G},
  booktitle={Proceedings of the 2010 ACM SIGMOD International Conference on Management of data},
  pages={963--968},
  year={2010}
}

@article{chang2008bigtable,
  title={Bigtable: A distributed storage system for structured data},
  author={Chang, Fay and Dean, Jeffrey and Ghemawat, Sanjay and Hsieh, Wilson C and Wallach, Deborah A and Burrows, Mike and Chandra, Tushar and Fikes, Andrew and Gruber, Robert E},
  journal={ACM Transactions on Computer Systems (TOCS)},
  volume={26},
  number={2},
  pages={1--26},
  year={2008},
  publisher={ACM New York, NY, USA}
}

@inproceedings{xin2013shark,
  title={Shark: SQL and rich analytics at scale},
  author={Xin, Reynold S and Rosen, Josh and Zaharia, Matei and Franklin, Michael J and Shenker, Scott and Stoica, Ion},
  booktitle={Proceedings of the 2013 ACM SIGMOD International Conference on Management of data},
  pages={13--24},
  year={2013}
}

@article{lamb2012vertica,
  title={The vertica analytic database: C-store 7 years later},
  author={Lamb, Andrew and Fuller, Matt and Varadarajan, Ramakrishna and Tran, Nga and Vandier, Ben and Doshi, Lyric and Bear, Chuck},
  journal={arXiv preprint arXiv:1208.4173},
  year={2012}
}

@article{faiss,
  author    = {Jeff Johnson and
               Matthijs Douze and
               Herv{\'{e}} J{\'{e}}gou},
  title     = {Billion-scale similarity search with GPUs},
  journal   = {CoRR},
  volume    = {abs/1702.08734},
  year      = {2017},
  url       = {http://arxiv.org/abs/1702.08734},
  archivePrefix = {arXiv},
  eprint    = {1702.08734},
  timestamp = {Wed, 07 Jun 2017 14:42:09 +0200},
  biburl    = {https://dblp.org/rec/bib/journals/corr/JohnsonDJ17},
  bibsource = {dblp computer science bibliography, https://dblp.org}
}

@article{flann,
  title={Scalable Nearest Neighbor Algorithms for High Dimensional Data},
  author={Marius Muja and David G. Lowe},
  journal={IEE Trans.\ on Pattern Analysis and Machine Intelligence},
  volume={36},
  year={2014},
  publisher={IEEE}
}

@inproceedings{kumar2017data,
  title={Data management in machine learning: Challenges, techniques, and systems},
  author={Kumar, Arun and Boehm, Matthias and Yang, Jun},
  booktitle={Proceedings of the 2017 ACM International Conference on Management of Data},
  pages={1717--1722},
  year={2017}
}

@article{mayer2020scalable,
  title={Scalable deep learning on distributed infrastructures: Challenges, techniques, and tools},
  author={Mayer, Ruben and Jacobsen, Hans-Arno},
  journal={ACM Computing Surveys (CSUR)},
  volume={53},
  number={1},
  pages={1--37},
  year={2020},
  publisher={ACM New York, NY, USA}
}

@article{sculley2015hidden,
  title={Hidden technical debt in machine learning systems},
  author={Sculley, David and Holt, Gary and Golovin, Daniel and Davydov, Eugene and Phillips, Todd and Ebner, Dietmar and Chaudhary, Vinay and Young, Michael and Crespo, Jean-Francois and Dennison, Dan},
  journal={Advances in neural information processing systems},
  volume={28},
  pages={2503--2511},
  year={2015}
}


@misc{hadoop,
  author = {{The Apache Software Foundation}},
  title = {What is Apache Hadoop?},
  url = {https://hadoop.apache.org/},
  lastaccessed  = "2019",
}

@misc{docs-aperturedb,
  author = {{Luis Remis, ApertureData Inc}},
  title = {ApertureDB API Documentation},
  url = {https://docs.aperturedata.io/},
  lastaccessed  = "Feb. 2021"
}

@inproceedings{haystack,
	  title={Finding a Needle in Haystack: Facebook's Photo Storage.},
	  author={Beaver, Doug and Kumar, Sanjeev and Li, Harry C and Sobel, Jason and Vajgel, Peter and others},
	  booktitle={9th USENIX Symposium on OSDI},
	  volume={10},
	  pages={1--8},
	  year={2010}
}

@article{qin2020similarity,
  title={Similarity query processing for high-dimensional data},
  author={Qin, Jianbin and Wang, Wei and Xiao, Chuan and Zhang, Ying},
  journal={Proceedings of the VLDB Endowment},
  volume={13},
  number={12},
  pages={3437--3440},
  year={2020},
  publisher={VLDB Endowment}
}


@misc{httpserver,
 author = {{The Apache Software Foundation}},
 title = {Apache {HTTP} Server Project},
 url = {https://httpd.apache.org/},
 lastaccessed  = "2019"
}

@MISC{IntelXPoint15,
	AUTHOR       = "{IntelPR}",
	TITLE        = "Intel and Micron Produce Breakthrough Memory Technology",
	url = {http://goo.gl/MUWm0W},
	YEAR         = "2015",
    lastaccessed  = "2019",
}

@misc{memsql,
  author = {{MemSQL Inc.}},
  title = {The Real-Time Data Warehouse You Can Run Anywhere},
  url = {https://www.memsql.com/},
  lastaccessed  = "2019"
}

@book{opencv,
 author = {Bradski, Gary and Kaehler, Adrian},
 title = {Learning {OpenCV}: Computer Vision in C++ with the {OpenCV} Library},
 year = {2013},
 isbn = {1449314651, 9781449314651},
 edition = {2nd},
 publisher = {O'Reilly Media, Inc.},
}

@misc{pmgd,
  author = {Vishakha Gupta-Cledat and Philip Lantz and Alain Kagi and Subramanya Dulloor and Luis Remis},
  title = {Persistent Memory Graph Database},
  url = {http://github.com/IntelLabs/pmgd},
  lastaccessed  = "2019"
}

@inproceedings{rasdaman,
 author = {Baumann, P. and Dehmel, A. and Furtado, P. and Ritsch, R. and Widmann, N.},
 title = {The Multidimensional Database System RasDaMan},
 booktitle = {Proc.\ of the 1998 ACM SIGMOD},
 series = {SIGMOD '98},
 year = {1998},
 isbn = {0-89791-995-5},
 location = {Seattle, Washington, USA},
 pages = {575--577},
 numpages = {3},
 url = {\url{http://doi.acm.org/10.1145/276304.276386}},
 doi = {10.1145/276304.276386},
 acmid = {276386},
 publisher = {ACM},
}

@article{protobufs,
  title={Protocol buffers: Google’s data interchange format},
  author={Varda, Kenton},
  journal={Google Open Source Blog, Available at least as early as Jul},
  volume={72},
  year={2008}
}

@misc{spark,
  author = {{The Apache Software Foundation}},
  title = {Apache Spark: Lightning-fast Cluster Computing},
  url = {https://spark.apache.org/},
  lastaccessed  = "2019"
}

@article{TileDB,
 author = {Papadopoulos, Stavros and Datta, Kushal and Madden, Samuel and Mattson, Timothy},
 title = {The TileDB Array Data Storage Manager},
 journal = {Proc.\ VLDB Endowment},
 issue_date = {November 2016},
 volume = {10},
 number = {4},
 month = nov,
 year = {2016},
 issn = {2150-8097},
 pages = {349--360},
 numpages = {12},
 url = {https://doi.org/10.14778/3025111.3025117},
 doi = {10.14778/3025111.3025117},
 acmid = {3025117},
 publisher = {VLDB Endowment},
}

@misc{vdms,
  author = {Luis Remis, Vishakha Gupta, Christina Strong, Ragaad Altarawneh},
  title = {Visual Data Management System},
  url = {http://github.com/IntelLabs/vdms},
  lastaccessed  = "2019",
}

@article{vertica,
  title={The vertica analytic database: C-store 7 years later},
  author={Lamb, Andrew and Fuller, Matt and Varadarajan, Ramakrishna and Tran, Nga and Vandiver, Ben and Doshi, Lyric and Bear, Chuck},
  journal={Proc.\ of the VLDB Endowment},
  volume={5},
  number={12},
  pages={1790--1801},
  year={2012},
  publisher={VLDB Endowment}
}

@article{Thomee_2016,
   title={YFCC100M},
   volume={59},
   ISSN={0001-0782},
   url={http://dx.doi.org/10.1145/2812802},
   DOI={10.1145/2812802},
   number={2},
   journal={Communications of the ACM},
   publisher={Association for Computing Machinery (ACM)},
   author={Thomee, Bart and Elizalde, Benjamin and Shamma, David A. and Ni, Karl and Friedland, Gerald and Poland, Douglas and Borth, Damian and Li, Li-Jia},
   year={2016},
   month={Jan},
   pages={64–73}
}

@misc{mysql,
  author = {{Oracle Co.}},
  title = {The world's most popular open source database},
  url = {https://www.mysql.com/},
  lastaccessed  = "Jan. 2020",
}

@misc{postgresql,
  author = {{The PostgreSQL Global Development Group}},
  title = {PostgreSQL: The World's Most Advanced Open Source Relational Database},
  url = {https://www.postgresql.org/},
  lastaccessed  = "Feb. 2021",
}

@inproceedings{features,
author = {Amato, Giuseppe and Falchi, Fabrizio and Gennaro, Claudio and Rabitti, Fausto},
year = {2016},
month = {10},
pages = {196-209},
title = {YFCC100M-HNfc6: A Large-Scale Deep Features Benchmark for Similarity Search},
booktitle = {Similarity Search and Applications},
publisher={Springer International Publishing},
doi = {10.1007/978-3-319-46759-7_15}
}

@article{vdms-nips,
  author    = {Luis Remis and
              Vishakha Gupta{-}Cledat and
              Christina R. Strong and
              Ragaad Altarawneh},
  title     = {{VDMS:} An Efficient Big-Visual-Data Access for Machine Learning Workloads},
  journal   = {Systems for Machine Learning Workshop (SysML) at NIPS, Montreal, Canada},
  volume    = {abs/1810.11832},
  year      = {2018},
  url       = {http://arxiv.org/abs/1810.11832},
  archivePrefix = {arXiv},
  eprint    = {1810.11832},
  timestamp = {Wed, 31 Oct 2018 14:24:29 +0100},
  biburl    = {https://dblp.org/rec/bib/journals/corr/abs-1810-11832},
  bibsource = {dblp computer science bibliography, https://dblp.org}
}

@misc{mysql_blog,
    author = {Geir Hoydalsvik},
    title = {MySQL Connection Handling and Scaling},
    month = {March},
    year = {2019},
    lastaccessed  = "Feb. 2020",
    url = {https://mysqlserverteam.com/mysql-connection-handling-and-scaling/}
}

@inproceedings{resnet,
  title={Deep residual learning for image recognition},
  author={He, Kaiming and Zhang, Xiangyu and Ren, Shaoqing and Sun, Jian},
  booktitle={Proceedings of the IEEE conference on computer vision and pattern recognition},
  pages={770--778},
  year={2016}
}

@incollection{cnn,
title = {ImageNet Classification with Deep Convolutional Neural Networks},
author = {Alex Krizhevsky and Sutskever, Ilya and Hinton, Geoffrey E},
booktitle = {Advances in Neural Information Processing Systems 25},
editor = {F. Pereira and C. J. C. Burges and L. Bottou and K. Q. Weinberger},
pages = {1097--1105},
year = {2012},
publisher = {Curran Associates, Inc.},
url = {http://papers.nips.cc/paper/4824-imagenet-classification-with-deep-convolutional-neural-networks.pdf}
}

@article{opencv2,
    author = {Bradski, G.},
    citeulike-article-id = {2236121},
    journal = {Dr. Dobb's Journal of Software Tools},
    keywords = {bibtex-import},
    posted-at = {2008-01-15 19:21:54},
    priority = {4},
    title = {{The OpenCV Library}},
    year = {2000}
}

@misc{ffmpeg,
  author = {{Libffmpeg}},
  title = {FFMPEG Library},
  url = {http://source.ffmpeg.org},
  lastaccessed  = "Feb. 2020",
}

@inproceedings{miller2013graph,
  title={Graph database applications and concepts with Neo4j},
  author={Miller, Justin J},
  booktitle={Proceedings of the Southern Association for Information Systems Conference, Atlanta, GA, USA},
  volume={2324},
  number={36},
  year={2013}
}

@inproceedings{lsh,
  title={Locality-sensitive hashing scheme based on p-stable distributions},
  author={Datar, Mayur and Immorlica, Nicole and Indyk, Piotr and Mirrokni, Vahab S},
  booktitle={Proceedings of the twentieth annual symposium on Computational geometry},
  pages={253--262},
  year={2004}
}

@inproceedings{imagesearch,
  title={Learning object categories from google's image search},
  author={Fergus, Robert and Fei-Fei, Li and Perona, Pietro and Zisserman, Andrew},
  booktitle={Tenth IEEE International Conference on Computer Vision (ICCV'05) Volume 1},
  volume={2},
  pages={1816--1823},
  year={2005},
  organization={IEEE}
}

@inproceedings{failures,
  title={Modeling and tolerating heterogeneous failures in large parallel systems},
  author={Heien, Eric and Kondo, Derrick and Gainaru, Ana and LaPine, Dan and Kramer, Bill and Cappello, Franck},
  booktitle={Proceedings of 2011 International Conference for High Performance Computing, Networking, Storage and Analysis},
  pages={1--11},
  year={2011}
}

@incollection{videosgoogle,
  title={Video Google: Efficient visual search of videos},
  author={Sivic, Josef and Zisserman, Andrew},
  booktitle={Toward category-level object recognition},
  pages={127--144},
  year={2006},
  publisher={Springer}
}

@article{Jatana2012,
  title={A Survey and Comparison of Relational and Non-Relational Database},
  author={Nishtha Jatana and Sahil Puri and Mehak Ahuja and Ishita Kathuria and Dishant Gosain},
  journal={International Journal of Engineering Research and Technology},
  year={2012},
  volume={1},
  issue={6}
}

@misc{li_2019,
 title={NoSQL Databases},
 url={osf.io/u5q3y},
 DOI={10.22224/gistbok/2018.2.10},
 publisher={OSF Preprints},
 author={Li, Ziqi},
 year={2019},
 month={Jul},
 lastaccessed  = "2019",
}