@inproceedings {darkside,
author = {Vishakha Gupta-Cledat and Luis Remis and Christina R Strong},
title = {Addressing the Dark Side of Vision Research: Storage},
booktitle = {9th {USENIX} Workshop on HotStorage},
year = {2017},
url = {\url{https://www.usenix.org/conference/hotstorage17/program/presentation/gupta-cledat}},
publisher = {{USENIX} Association},
}

@article{faiss,
  author    = {Jeff Johnson and
               Matthijs Douze and
               Herv{\'{e}} J{\'{e}}gou},
  title     = {Billion-scale similarity search with GPUs},
  journal   = {CoRR},
  volume    = {abs/1702.08734},
  year      = {2017},
  url       = {http://arxiv.org/abs/1702.08734},
  archivePrefix = {arXiv},
  eprint    = {1702.08734},
  timestamp = {Wed, 07 Jun 2017 14:42:09 +0200},
  biburl    = {https://dblp.org/rec/bib/journals/corr/JohnsonDJ17},
  bibsource = {dblp computer science bibliography, https://dblp.org}
}

@article{flann,
  title={Scalable Nearest Neighbor Algorithms for High Dimensional Data},
  author={Marius Muja and David G. Lowe},
  journal={IEE Trans.\ on Pattern Analysis and Machine Intelligence},
  volume={36},
  year={2014},
  publisher={IEEE}
}

@misc {hadoop,
  author = {{The Apache Software Foundation}},
  title = {What is Apache Hadoop?},
  url = {https://hadoop.apache.org/},
  note = {\url{https://hadoop.apache.org/}}
}

@inproceedings{haystack,
	  title={Finding a Needle in Haystack: Facebook's Photo Storage.},
	  author={Beaver, Doug and Kumar, Sanjeev and Li, Harry C and Sobel, Jason and Vajgel, Peter and others},
	  booktitle={9th USENIX Symposium on OSDI},
	  volume={10},
	  pages={1--8},
	  year={2010}
}

@misc {httpserver,
 author = {{The Apache Software Foundation}},
 title = {Apache {HTTP} Server Project},
 url = {https://httpd.apache.org/},
 note = {\url{https://httpd.apache.org/}}
}

@MISC{IntelXPoint15,
	AUTHOR       = "{IntelPR}",
	TITLE        = "Intel and Micron Produce Breakthrough Memory Technology",
	url = {http://goo.gl/MUWm0W},
	YEAR         = "2015"
}

@misc {memsql,
  author = {{MemSQL Inc.}},
  title = {The Real-Time Data Warehouse You Can Run Anywhere},
  url = {https://www.memsql.com/},
  note = {\url{https://www.memsql.com/}}
}

@book{opencv,
 author = {Bradski, Gary and Kaehler, Adrian},
 title = {Learning {OpenCV}: Computer Vision in C++ with the {OpenCV} Library},
 year = {2013},
 isbn = {1449314651, 9781449314651},
 edition = {2nd},
 publisher = {O'Reilly Media, Inc.},
}

@misc {pmgd,
  author = {Vishakha Gupta-Cledat and Philip Lantz and Alain Kagi and Subramanya Dulloor and Luis Remis},
  title = {Persistent Memory Graph Database},
  url = {http://github.com/IntelLabs/pmgd},
  note = {\url{http://github.com/IntelLabs/pmgd}}
}

@inproceedings{rasdaman,
 author = {Baumann, P. and Dehmel, A. and Furtado, P. and Ritsch, R. and Widmann, N.},
 title = {The Multidimensional Database System RasDaMan},
 booktitle = {Proc.\ of the 1998 ACM SIGMOD},
 series = {SIGMOD '98},
 year = {1998},
 isbn = {0-89791-995-5},
 location = {Seattle, Washington, USA},
 pages = {575--577},
 numpages = {3},
 url = {\url{http://doi.acm.org/10.1145/276304.276386}},
 doi = {10.1145/276304.276386},
 acmid = {276386},
 publisher = {ACM},
}

@article{protobufs,
  title={Protocol buffers: Google’s data interchange format},
  author={Varda, Kenton},
  journal={Google Open Source Blog, Available at least as early as Jul},
  volume={72},
  year={2008}
}

@inproceedings{scidb,
  author = {Brown, Paul G.},
  title={Overview of {SciDB}: Large Scale Array Storage, Processing and Analysis},
  booktitle={Proc.\ of the 2010 ACM SIGMOD},
  pages={963--968},
  year={2010},
  organization={ACM}
}


@misc {spark,
  author = {{The Apache Software Foundation}},
  title = {Apache Spark: Lightning-fast Cluster Computing},
  url = {https://spark.apache.org/},
  note = {\url{https://spark.apache.org/}}
}

@misc {tcia,
  author = {{Frederick Nat. Lab for Cancer Research}},
  title = {The Cancer Image Archive},
  url = {http://www.cancerimagingarchive.net/},
  note = {\url{http://www.cancerimagingarchive.net/}}
}

@article{TileDB,
 author = {Papadopoulos, Stavros and Datta, Kushal and Madden, Samuel and Mattson, Timothy},
 title = {The TileDB Array Data Storage Manager},
 journal = {Proc.\ VLDB Endowment},
 issue_date = {November 2016},
 volume = {10},
 number = {4},
 month = nov,
 year = {2016},
 issn = {2150-8097},
 pages = {349--360},
 numpages = {12},
 url = {https://doi.org/10.14778/3025111.3025117},
 doi = {10.14778/3025111.3025117},
 acmid = {3025117},
 publisher = {VLDB Endowment},
}

@misc {vdms,
  author = {Vishakha Gupta-Cledat and Luis Remis and Ragaad Altarawneh},
  title = {Visual Data Management System},
  url = {http://github.com/IntelLabs/vdms},
  note = {\url{http://github.com/IntelLabs/vdms}}
}


@article{vertica,
  title={The vertica analytic database: C-store 7 years later},
  author={Lamb, Andrew and Fuller, Matt and Varadarajan, Ramakrishna and Tran, Nga and Vandiver, Ben and Doshi, Lyric and Bear, Chuck},
  journal={Proc.\ of the VLDB Endowment},
  volume={5},
  number={12},
  pages={1790--1801},
  year={2012},
  publisher={VLDB Endowment}
}

@article{Thomee_2016,
   title={YFCC100M},
   volume={59},
   ISSN={0001-0782},
   url={http://dx.doi.org/10.1145/2812802},
   DOI={10.1145/2812802},
   number={2},
   journal={Communications of the ACM},
   publisher={Association for Computing Machinery (ACM)},
   author={Thomee, Bart and Elizalde, Benjamin and Shamma, David A. and Ni, Karl and Friedland, Gerald and Poland, Douglas and Borth, Damian and Li, Li-Jia},
   year={2016},
   month={Jan},
   pages={64–73}
}

@misc {mysql,
  author = {{Oracle Co.}},
  title = {The world's most popular open source database},
  url = {https://www.mysql.com/},
  note = {\url{https://www.mysql.com/}}
}

@inproceedings{features,
author = {Amato, Giuseppe and Falchi, Fabrizio and Gennaro, Claudio and Rabitti, Fausto},
year = {2016},
month = {10},
pages = {196-209},
title = {YFCC100M-HNfc6: A Large-Scale Deep Features Benchmark for Similarity Search},
doi = {10.1007/978-3-319-46759-7_15}
}

@article{vdms-nips,
  author    = {Luis Remis and
               Vishakha Gupta{-}Cledat and
               Christina R. Strong and
               Ragaad Altarawneh},
  title     = {{VDMS:} An Efficient Big-Visual-Data Access for Machine Learning Workloads},
  journal   = {CoRR},
  volume    = {abs/1810.11832},
  year      = {2018},
  url       = {http://arxiv.org/abs/1810.11832},
  archivePrefix = {arXiv},
  eprint    = {1810.11832},
  timestamp = {Wed, 31 Oct 2018 14:24:29 +0100},
  biburl    = {https://dblp.org/rec/bib/journals/corr/abs-1810-11832},
  bibsource = {dblp computer science bibliography, https://dblp.org}
}

@misc{mysql_blog,
    author = {Geir Hoydalsvik}, 
    title = {MySQL Connection Handling and Scaling},
    month = {March},
    year = {2019},
    url = {https://mysqlserverteam.com/mysql-connection-handling-and-scaling/},
    note = {\url{https://mysqlserverteam.com/mysql-connection-handling-and-scaling/}}
}
